<?xml version="1.0" encoding="UTF-8"?><collection xmlns="http://www.loc.gov/MARC21/slim">
  <record>
    <leader>02814cam a2200397Ia 4500</leader>
    <controlfield tag="001">u5960229</controlfield>
    <controlfield tag="003">SIRSI</controlfield>
    <controlfield tag="005">20140115162336.0</controlfield>
    <controlfield tag="008">121025s2011    gr ab    b    100 0 gre d</controlfield>
    <datafield tag="040" ind1=" " ind2=" ">
      <subfield code="a">JPG</subfield>
      <subfield code="c">JPG</subfield>
      <subfield code="d">JPG</subfield>
    </datafield>
    <datafield tag="066" ind1=" " ind2=" ">
      <subfield code="c">(S</subfield>
    </datafield>
    <datafield tag="020" ind1=" " ind2=" ">
      <subfield code="a">9789608838765</subfield>
    </datafield>
    <datafield tag="020" ind1=" " ind2=" ">
      <subfield code="a">9608838762</subfield>
    </datafield>
    <datafield tag="035" ind1=" " ind2=" ">
      <subfield code="a">(OCoLC)814388508</subfield>
    </datafield>
    <datafield tag="041" ind1="0" ind2=" ">
      <subfield code="a">gre</subfield>
      <subfield code="a">eng</subfield>
      <subfield code="a">ger</subfield>
      <subfield code="b">eng</subfield>
      <subfield code="b">gre</subfield>
    </datafield>
    <datafield tag="043" ind1=" " ind2=" ">
      <subfield code="a">mm-----</subfield>
    </datafield>
    <datafield tag="050" ind1=" " ind2="4">
      <subfield code="a">NA9070</subfield>
      <subfield code="b">.A36 2011</subfield>
    </datafield>
    <datafield tag="245" ind1="0" ind2="3">
      <subfield code="6">880-01</subfield>
      <subfield code="a">Hē agora stē Mesogeio :</subfield>
      <subfield code="b">apo tous Homērikous heōs tous Rōmaikous chronous : Diethnes epistēmoniko synedrio, Kōs, 14-17 Apriliou 2011 = The agora in the Mediterranean : from Homeric to Roman times : International conference, Kos, 14-17 April 2011 /</subfield>
      <subfield code="c">epistēmonikē epimeleia, Angelikē Giannikourē.</subfield>
    </datafield>
    <datafield tag="246" ind1="3" ind2="1">
      <subfield code="a">Agora in the Mediterranean</subfield>
    </datafield>
    <datafield tag="260" ind1=" " ind2=" ">
      <subfield code="6">880-02</subfield>
      <subfield code="a">Athēna :</subfield>
      <subfield code="b">Hypourgeio Politismou kai Tourismou, Archaiologiko Instituto Aigaiakōn Spoudōn,</subfield>
      <subfield code="c">2011.</subfield>
    </datafield>
    <datafield tag="300" ind1=" " ind2=" ">
      <subfield code="a">438 p. :</subfield>
      <subfield code="b">ill., maps ;</subfield>
      <subfield code="c">28 cm.</subfield>
    </datafield>
    <datafield tag="504" ind1=" " ind2=" ">
      <subfield code="a">Includes bibliographical references.</subfield>
    </datafield>
    <datafield tag="546" ind1=" " ind2=" ">
      <subfield code="a">Contributions in Greek or English, with abstracts in the other language; 1 contribution in German, with abstract in Greek.</subfield>
    </datafield>
    <datafield tag="650" ind1=" " ind2="0">
      <subfield code="a">Plazas</subfield>
      <subfield code="z">Mediterranean Region</subfield>
      <subfield code="v">Congresses.</subfield>
    </datafield>
    <datafield tag="650" ind1=" " ind2="0">
      <subfield code="a">Cities and towns, Ancient</subfield>
      <subfield code="z">Mediterranean Region</subfield>
      <subfield code="v">Congresses.</subfield>
    </datafield>
    <datafield tag="650" ind1=" " ind2="0">
      <subfield code="a">Excavations (Archaeology)</subfield>
      <subfield code="z">Mediterranean Region</subfield>
      <subfield code="v">Congresses.</subfield>
    </datafield>
    <datafield tag="651" ind1=" " ind2="0">
      <subfield code="a">Mediterranean Region</subfield>
      <subfield code="x">Antiquities</subfield>
      <subfield code="v">Congresses.</subfield>
    </datafield>
    <datafield tag="700" ind1="1" ind2=" ">
      <subfield code="6">880-03</subfield>
      <subfield code="a">Giannikourē, A.</subfield>
    </datafield>
    <datafield tag="710" ind1="1" ind2=" ">
      <subfield code="6">880-04</subfield>
      <subfield code="a">Greece.</subfield>
      <subfield code="b">Archaiologiko Institouto Aigaiakōn Spoudōn.</subfield>
    </datafield>
    <datafield tag="880" ind1="0" ind2="2">
      <subfield code="6">245-01/(S</subfield>
      <subfield code="a">Η αγορά στη Μεσόγειο &lt;U+003a&gt;</subfield>
      <subfield code="b">από τους Ομηρικούς έως τους Ρωμαϊκούς χρόνους &lt;U+003a&gt; Διεθνές επιστημονικό συνέδριο&lt;U+002c&gt; Κως&lt;U+002c&gt; »ʹ&lt;U+002d&gt;»&lt;U+0037&gt; Απριλίου “«»» &lt;U+003d&gt; Ϟϝδ αϛμοα ζλ ϟϝδ Κδγζϟδοοαλδαλ &lt;U+003a&gt; εομκ Ϝμκδοζϐ ϟμ Ομκαλ ϟζκδπ &lt;U+003a&gt; Ζλϟδολαϟζμλαι ϐμλεδοδλϐδ&lt;U+002c&gt; Θμπ&lt;U+002c&gt; »ʹ&lt;U+002d&gt;»&lt;U+0037&gt; Ανοζι “«»» &lt;U+002f&gt;</subfield>
      <subfield code="c">επιστημονικη επιμέλεια Αγγελική Γιαννικουρη&lt;U+002e&gt;</subfield>
    </datafield>
    <datafield tag="880" ind1=" " ind2=" ">
      <subfield code="6">260-02/(S</subfield>
      <subfield code="a">Αθηνα &lt;U+003a&gt;</subfield>
      <subfield code="b">Υπουργείο Πολιτισμου και Τουρισμου&lt;U+002c&gt; Αρχαιολογικου Ινστιτουτου Αιγαιακών Σπουδών&lt;U+002c&gt;</subfield>
      <subfield code="c">2011.</subfield>
    </datafield>
    <datafield tag="880" ind1="1" ind2=" ">
      <subfield code="6">700-03/(S</subfield>
      <subfield code="a">Γιαννικουρη&lt;U+002c&gt; Α&lt;U+002e&gt;</subfield>
    </datafield>
    <datafield tag="880" ind1="1" ind2=" ">
      <subfield code="6">710-04/(S</subfield>
      <subfield code="a">Greece.</subfield>
      <subfield code="b">Αρχαιολογικου Ινστιτουτου Αιγαιακών Σπουδών&lt;U+002e&gt;</subfield>
    </datafield>
    <datafield tag="994" ind1=" " ind2=" ">
      <subfield code="a">Z0</subfield>
      <subfield code="b">VA@</subfield>
    </datafield>
    <datafield tag="596" ind1=" " ind2=" ">
      <subfield code="a">4</subfield>
    </datafield>
    <datafield tag="999" ind1=" " ind2=" ">
      <subfield code="a">NA9070 .A36 2011</subfield>
      <subfield code="w">LC</subfield>
      <subfield code="c">1</subfield>
      <subfield code="i">X031604535</subfield>
      <subfield code="d">8/28/2013</subfield>
      <subfield code="e">8/16/2013</subfield>
      <subfield code="l">OVERSIZE</subfield>
      <subfield code="m">FINE-ARTS</subfield>
      <subfield code="n">1</subfield>
      <subfield code="r">Y</subfield>
      <subfield code="s">Y</subfield>
      <subfield code="t">BOOK</subfield>
      <subfield code="u">3/19/2013</subfield>
      <subfield code="x">MEMBERCOPY</subfield>
    </datafield>
  </record>
</collection>
